<?xml version="1.0"?>
<collection xmlns="http://www.loc.gov/MARC21/slim" xmlns:xsi="http://www.w3.org/2001/XMLSchema-instance" xsi:schemaLocation="http://www.loc.gov/MARC21/slim http://www.loc.gov/standards/marcxml/schema/MARC21slim.xsd">
  <record xmlns="http://www.loc.gov/MARC21/slim">
    <leader>02390cam a2200517 a 4500</leader>
    <controlfield tag="005">20190716120907.0</controlfield>
    <controlfield tag="008">111220t20122012mdu      b    001 0deng  </controlfield>
    <controlfield tag="001">991028920369703811</controlfield>
    <datafield ind1=" " ind2=" " tag="010">
      <subfield code="a">2011051197</subfield>
    </datafield>
    <datafield ind1=" " ind2=" " tag="020">
      <subfield code="a">9781442215375</subfield>
      <subfield code="q">cloth</subfield>
      <subfield code="q">alkaline paper</subfield>
    </datafield>
    <datafield ind1=" " ind2=" " tag="020">
      <subfield code="a">1442215372</subfield>
      <subfield code="q">cloth</subfield>
      <subfield code="q">alkaline paper</subfield>
    </datafield>
    <datafield ind1=" " ind2=" " tag="020">
      <subfield code="a">9781442215399</subfield>
      <subfield code="q">electronic</subfield>
    </datafield>
    <datafield ind1=" " ind2=" " tag="020">
      <subfield code="a">1442215399</subfield>
      <subfield code="q">electronic</subfield>
    </datafield>
    <datafield ind1=" " ind2=" " tag="035">
      <subfield code="a">(PPT)b5205939x-01tuli_inst</subfield>
    </datafield>
    <datafield ind1=" " ind2=" " tag="035">
      <subfield code="a">(OCoLC)ocn795765756</subfield>
      <subfield code="9">ExL</subfield>
    </datafield>
    <datafield ind1=" " ind2=" " tag="035">
      <subfield code="a">(OCoLC)752069622</subfield>
      <subfield code="z">(OCoLC)783458528</subfield>
    </datafield>
    <datafield ind1=" " ind2=" " tag="035">
      <subfield code="a">ocn752069622</subfield>
    </datafield>
    <datafield ind1=" " ind2=" " tag="035">
      <subfield code="a">(OCLC)ocn752069622</subfield>
    </datafield>
    <datafield ind1=" " ind2=" " tag="040">
      <subfield code="a">DLC</subfield>
      <subfield code="b">eng</subfield>
      <subfield code="c">DLC</subfield>
      <subfield code="d">YDX</subfield>
      <subfield code="d">BTCTA</subfield>
      <subfield code="d">BDX</subfield>
      <subfield code="d">YDXCP</subfield>
      <subfield code="d">E7B</subfield>
      <subfield code="d">BWX</subfield>
      <subfield code="d">OCLCQ</subfield>
      <subfield code="d">CDX</subfield>
    </datafield>
    <datafield ind1=" " ind2=" " tag="042">
      <subfield code="a">pcc</subfield>
    </datafield>
    <datafield ind1=" " ind2=" " tag="043">
      <subfield code="a">n-us---</subfield>
    </datafield>
    <datafield ind1=" " ind2=" " tag="049">
      <subfield code="a">IG$A</subfield>
    </datafield>
    <datafield ind1=" " ind2=" " tag="079">
      <subfield code="a">ocn752069622</subfield>
    </datafield>
    <datafield ind1=" " ind2=" " tag="090">
      <subfield code="a">E908.3</subfield>
      <subfield code="b">.D67 2012</subfield>
    </datafield>
    <datafield ind1="1" ind2=" " tag="100">
      <subfield code="a">Dorrien, Gary J.</subfield>
      <subfield code="0">http://id.loc.gov/authorities/names/n86070943</subfield>
    </datafield>
    <datafield ind1="1" ind2="4" tag="245">
      <subfield code="a">The Obama question :</subfield>
      <subfield code="b">a progressive perspective /</subfield>
      <subfield code="c">Gary Dorrien.</subfield>
    </datafield>
    <datafield ind1=" " ind2="1" tag="264">
      <subfield code="a">Lanham, Md. :</subfield>
      <subfield code="b">Rowman &amp; Littlefield Publishers,</subfield>
      <subfield code="c">[2012]</subfield>
    </datafield>
    <datafield ind1=" " ind2="4" tag="264">
      <subfield code="c">&#xA9;2012</subfield>
    </datafield>
    <datafield ind1=" " ind2=" " tag="300">
      <subfield code="a">ix, 245 pages ;</subfield>
      <subfield code="c">24 cm</subfield>
    </datafield>
    <datafield ind1=" " ind2=" " tag="336">
      <subfield code="a">text</subfield>
      <subfield code="b">txt</subfield>
      <subfield code="2">rdacontent</subfield>
    </datafield>
    <datafield ind1=" " ind2=" " tag="337">
      <subfield code="a">unmediated</subfield>
      <subfield code="b">n</subfield>
      <subfield code="2">rdamedia</subfield>
    </datafield>
    <datafield ind1=" " ind2=" " tag="338">
      <subfield code="a">volume</subfield>
      <subfield code="b">nc</subfield>
      <subfield code="2">rdacarrier</subfield>
    </datafield>
    <datafield ind1=" " ind2=" " tag="504">
      <subfield code="a">Includes bibliographical references and index.</subfield>
    </datafield>
    <datafield ind1="0" ind2=" " tag="505">
      <subfield code="a">Shortcut to Redemption -- Becoming Obama -- To the White House -- Saving Capitalism from Itself -- Timidly Bold Obamacare -- Moral Empire and Liberal War -- Banks and Budgets -- What Kind of Country?</subfield>
    </datafield>
    <datafield ind1="1" ind2="0" tag="600">
      <subfield code="a">Obama, Barack</subfield>
      <subfield code="x">Political and social views.</subfield>
      <subfield code="0">http://id.loc.gov/authorities/names/n94112934</subfield>
      <subfield code="0">http://id.loc.gov/authorities/subjects/sh2002011435</subfield>
    </datafield>
    <datafield ind1="1" ind2="7" tag="600">
      <subfield code="a">Obama, Barack.</subfield>
      <subfield code="2">fast</subfield>
      <subfield code="0">http://id.worldcat.org/fast/348231</subfield>
    </datafield>
    <datafield ind1=" " ind2="0" tag="650">
      <subfield code="a">Progressivism (United States politics)</subfield>
      <subfield code="x">History</subfield>
      <subfield code="y">21st century.</subfield>
      <subfield code="0">http://id.loc.gov/authorities/subjects/sh2010107767</subfield>
      <subfield code="0">http://id.loc.gov/authorities/subjects/sh2002012478</subfield>
    </datafield>
    <datafield ind1=" " ind2="0" tag="651">
      <subfield code="a">United States</subfield>
      <subfield code="x">Politics and government</subfield>
      <subfield code="y">2009-2017.</subfield>
      <subfield code="0">http://id.loc.gov/authorities/subjects/sh2009003409</subfield>
    </datafield>
    <datafield ind1=" " ind2="0" tag="651">
      <subfield code="a">United States</subfield>
      <subfield code="x">Economic policy</subfield>
      <subfield code="y">2009-</subfield>
      <subfield code="0">http://id.loc.gov/authorities/subjects/sh2009006640</subfield>
    </datafield>
    <datafield ind1=" " ind2="0" tag="651">
      <subfield code="a">United States</subfield>
      <subfield code="x">Social policy</subfield>
      <subfield code="y">1993-</subfield>
      <subfield code="0">http://id.loc.gov/authorities/subjects/sh92006374</subfield>
    </datafield>
    <datafield ind1=" " ind2=" " tag="902">
      <subfield code="a">MARCIVE-BF 20190703</subfield>
    </datafield>
    <datafield ind1=" " ind2=" " tag="904">
      <subfield code="a">MARCIVE 20190703</subfield>
    </datafield>
    <datafield ind1=" " ind2=" " tag="907">
      <subfield code="a">.b5205939x</subfield>
      <subfield code="b">p    </subfield>
      <subfield code="c">-</subfield>
    </datafield>
    <datafield ind1=" " ind2=" " tag="945">
      <subfield code="l">pstk </subfield>
      <subfield code="g">1</subfield>
    </datafield>
    <datafield ind1=" " ind2=" " tag="979">
      <subfield code="a">ocn752069622</subfield>
    </datafield>
    <datafield ind1=" " ind2=" " tag="998">
      <subfield code="b">1</subfield>
      <subfield code="c">120522</subfield>
      <subfield code="d">m</subfield>
      <subfield code="e">a</subfield>
      <subfield code="f">-</subfield>
      <subfield code="g">4</subfield>
    </datafield>
    <datafield ind1=" " ind2=" " tag="ADM">
      <subfield code="b">2020-06-24 12:46:55</subfield>
      <subfield code="e">b5205939x-01tuli_inst</subfield>
      <subfield code="d">MARCIVE</subfield>
      <subfield code="f">20190607164732.0</subfield>
      <subfield code="a">2017-06-20 10:56:07</subfield>
      <subfield code="c">false</subfield>
    </datafield>
    <datafield ind1="0" ind2=" " tag="HLD">
      <subfield code="b">ASRS</subfield>
      <subfield code="c">ASRS</subfield>
      <subfield code="h"> E908.3 </subfield>
      <subfield code="i"> .D67 2012 </subfield>
      <subfield code="8">22461541940003811</subfield>
      <subfield code="updated">2019-04-26 20:47:48</subfield>
      <subfield code="created">2019-04-26 20:47:46</subfield>
    </datafield>
    <datafield ind1=" " ind2=" " tag="ITM">
      <subfield code="r">22461541940003811</subfield>
      <subfield code="b">1</subfield>
      <subfield code="h">0</subfield>
      <subfield code="g">ASRS</subfield>
      <subfield code="t">BOOK</subfield>
      <subfield code="9">39074026448407</subfield>
      <subfield code="e">ASRS</subfield>
      <subfield code="8">23307483750003811</subfield>
      <subfield code="a">0</subfield>
      <subfield code="i">E908.3 .D67 2012</subfield>
      <subfield code="updated">2019-04-26 20:48:12</subfield>
      <subfield code="q">2017-06-20 10:56:07</subfield>
      <subfield code="d">ASRS</subfield>
      <subfield code="f">ASRS</subfield>
    </datafield>
  </record>