
  <record xmlns="http://www.loc.gov/MARC21/slim">
    <leader>07446cam a2200565 a 4500</leader>
    <controlfield tag="005">20190715235644.0</controlfield>
    <controlfield tag="008">110303s2011    nyua     b    001 0 eng  </controlfield>
    <controlfield tag="001">991021733379703811</controlfield>
    <datafield ind1=" " ind2=" " tag="010">
      <subfield code="a">2011009576</subfield>
    </datafield>
    <datafield ind1=" " ind2=" " tag="020">
      <subfield code="a">9780415887700</subfield>
      <subfield code="q">hardback</subfield>
      <subfield code="q">acid-free paper</subfield>
    </datafield>
    <datafield ind1=" " ind2=" " tag="020">
      <subfield code="a">0415887704</subfield>
      <subfield code="q">hardback</subfield>
      <subfield code="q">acid-free paper</subfield>
    </datafield>
    <datafield ind1=" " ind2=" " tag="020">
      <subfield code="a">9780415887717</subfield>
      <subfield code="q">paperback</subfield>
      <subfield code="q">acid-free paper</subfield>
    </datafield>
    <datafield ind1=" " ind2=" " tag="020">
      <subfield code="a">0415887712</subfield>
      <subfield code="q">paperback</subfield>
      <subfield code="q">acid-free paper</subfield>
    </datafield>
    <datafield ind1=" " ind2=" " tag="020">
      <subfield code="a">9780203831519</subfield>
      <subfield code="q">ebook</subfield>
    </datafield>
    <datafield ind1=" " ind2=" " tag="020">
      <subfield code="a">0203831519</subfield>
      <subfield code="q">ebook</subfield>
    </datafield>
    <datafield ind1=" " ind2=" " tag="035">
      <subfield code="a">(PPT)b49966273-01tuli_inst</subfield>
    </datafield>
    <datafield ind1=" " ind2=" " tag="035">
      <subfield code="a">(OCoLC)ocn761176715</subfield>
      <subfield code="9">ExL</subfield>
    </datafield>
    <datafield ind1=" " ind2=" " tag="035">
      <subfield code="a">(OCoLC)654317260</subfield>
    </datafield>
    <datafield ind1=" " ind2=" " tag="035">
      <subfield code="a">ocn654317260</subfield>
    </datafield>
    <datafield ind1=" " ind2=" " tag="035">
      <subfield code="a">(OCLC)ocn654317260</subfield>
    </datafield>
    <datafield ind1=" " ind2=" " tag="040">
      <subfield code="a">DLC</subfield>
      <subfield code="b">eng</subfield>
      <subfield code="c">DLC</subfield>
      <subfield code="d">BTCTA</subfield>
      <subfield code="d">YDXCP</subfield>
      <subfield code="d">BWX</subfield>
      <subfield code="d">IAY</subfield>
      <subfield code="d">VRC</subfield>
      <subfield code="d">CaONFJC</subfield>
    </datafield>
    <datafield ind1=" " ind2=" " tag="042">
      <subfield code="a">pcc</subfield>
    </datafield>
    <datafield ind1=" " ind2=" " tag="043">
      <subfield code="a">n-us---</subfield>
    </datafield>
    <datafield ind1=" " ind2=" " tag="049">
      <subfield code="a">IG$A</subfield>
    </datafield>
    <datafield ind1=" " ind2=" " tag="079">
      <subfield code="a">ocn654317260</subfield>
    </datafield>
    <datafield ind1=" " ind2=" " tag="090">
      <subfield code="a">E907</subfield>
      <subfield code="b">.O227 2011</subfield>
    </datafield>
    <datafield ind1="0" ind2="4" tag="245">
      <subfield code="a">The Obama presidency :</subfield>
      <subfield code="b">change and continuity /</subfield>
      <subfield code="c">edited by Andrew J. Dowdle, Dirk C. van Raemdonck, and Robert Maranto.</subfield>
    </datafield>
    <datafield ind1=" " ind2="1" tag="264">
      <subfield code="a">New York :</subfield>
      <subfield code="b">Routledge,</subfield>
      <subfield code="c">2011.</subfield>
    </datafield>
    <datafield ind1=" " ind2=" " tag="300">
      <subfield code="a">xviii, 232 pages :</subfield>
      <subfield code="b">illustrations ;</subfield>
      <subfield code="c">23 cm</subfield>
    </datafield>
    <datafield ind1=" " ind2=" " tag="336">
      <subfield code="a">text</subfield>
      <subfield code="b">txt</subfield>
      <subfield code="2">rdacontent</subfield>
    </datafield>
    <datafield ind1=" " ind2=" " tag="337">
      <subfield code="a">unmediated</subfield>
      <subfield code="b">n</subfield>
      <subfield code="2">rdamedia</subfield>
    </datafield>
    <datafield ind1=" " ind2=" " tag="338">
      <subfield code="a">volume</subfield>
      <subfield code="b">nc</subfield>
      <subfield code="2">rdacarrier</subfield>
    </datafield>
    <datafield ind1=" " ind2=" " tag="500">
      <subfield code="a">Copyright date 2012.</subfield>
    </datafield>
    <datafield ind1=" " ind2=" " tag="504">
      <subfield code="a">Includes bibliographical references (pages [201]-224) and index.</subfield>
    </datafield>
    <datafield ind1=" " ind2=" " tag="520">
      <subfield code="a">At his inauguration, President Barack Obama was seemingly poised to become America's strongest and most influential president since Ronald Reagan. However, President Obama's first two years in office have led to some notable surprises. What accounts for the political stability and change demonstrated by the Obama administration? Which factors shaping a presidency are structural, which are personal, and which are driven by events? How will decisions made in the first two years of the administration affect its future course? What lessons can we glean from past presidencies?</subfield>
    </datafield>
    <datafield ind1="8" ind2="0" tag="520">
      <subfield code="a">This timely volume of notable thinkers on the presidency presents scholarly as well as applied insights on Obama's administration at the half-way point. Assessing the political context of his first two years, the inter-branch relations, and policy developments all provide the necessary grounding for students to make sense of the continuity and change that Barack Obama represents. Book jacket.</subfield>
    </datafield>
    <datafield ind1="0" ind2=" " tag="505">
      <subfield code="a">The Setting -- Barack Obama: A Reagan of the Left? / Andrew J. Dowdle, Dirk C. van Raemdonck, Robert Maranto -- Obama: Change We Can Regime? -- A New Regime? -- Or Just a Continuation of the Old? -- The Stylistic Ironies of Barack Obama: Deliberative Reform -- Overview of the Book -- Making Race Go Away: President Obama and the Promise of a Post-racial Society / Wilbur C. Rich -- Race, Identity, and the Obama Candidacy -- Racial Investment in President Obama -- Barack Obama as President -- Real Change and Racial Inclusion -- If It Isn't about Race, What Is It? -- Conclusion -- Presidential Leadership and Public Opinion in an Age of Polarization / Jeffrey E. Cohen, Costas Panagopoulos -- Strategies for Presidential Leadership and Obama's Challenge -- Obama's Leadership Style: A Mixed Message? -- Trends in Public Evaluations of the Obama Presidency -- Wither the Obama Coalition? -- Obama's Leadership Style and Differential Reaction to His Presidency -- Moderate Disillusionment? -- Liberal Backlash? -- Conclusion -- Managing the Executive Branch -- The Obama Cabinet: A Team of Rivals or Pragmatic Governance? / Shirley Anne Warshaw -- Building the Obama Cabinet -- Political Balance in the Cabinet -- Geographic Balance in the Cabinet -- Gender and Racial Balance in the Cabinet -- Political Experience in the Cabinet -- Cabinets and Counselors -- Team Building; The Merger of Cabinets and Counselors -- Cabinet Rank: A Tool to Control the Policy Process -- Conclusion -- Presidential Appointments in the Obama Administration: An Early Evaluation / David E. Lewis -- Putting the Obama Team Together -- What Types of People Did Obama Appoint? -- Conclusion -- President Barack Obama, Unilateralist / Christopher S. Kelley, Melanie Cook Marlowe, Ryan J. Barilleaux -- The Trend towards Presidential Unilateralism -- George W. Bush and Unilateralism -- Obama the Unilateralist -- Influencing Regulatory Processes -- Obama and the Signing Statement -- Conclusion -- Continuity and Change in White House Communications: President Obama Meets the Press / Martha Joynt Kumar -- Presidential Addresses and Remarks -- Presidential Press Conferences -- Short Question and Answer Sessions -- Presidential Interviews -- President Obama and the News Media -- Managing Relations with the Other Branches -- No Place for a Community Organizer: Barack Obama's Leadership of Congress / Justin S. Vaughn -- Obama's Legislative Style -- Conflict between the Branches -- Conclusion: Lessons Learned and Life after the 2010 Midterms -- Beyond Two Terms: Shaping the Supreme Court and a Legacy / Richard L. Pacelle -- "An Informal and Limited Alliance" -- President Obama and the Imperative for Change -- An Obama Court in the Making? -- Conclusion -- Managing Policies -- Economic Policymaking during the Great Recession / Ted Gayer -- The State of Economics -- Monetary Policy -- Empirical Challenges to Fiscal Policymaking -- Theory of Fiscal Policymaking -- Fiscal Stimulus and Debt -- Multiplier Estimates -- The American Recovery and Reinvestment Act -- Conclusion -- President Obama's Health Care Reform: The Inevitable Impossible / Mark Carl Rom -- Health Care Reform Was Inevitable -- Health Care Reform Was Impossible -- Impossibilities, Inevitabilities, and Contingencies in the Process -- The Legislative Struggle -- Conclusion -- President Obama and Education: The Personal and the Political / Robert Maranto, Michael Q. McShane -- A Short History of Education Reform -- The Obama Education Agenda: The Personal Is Educational -- The Secretary Selection -- Defining Moments, Central Falls, and the DC Opportunity Scholarship Program -- Stimulus and Race to the Top -- Moving Forward -- An Education President of Achievement? -- Fighting Two Wars / Lawrence J. Korb, Laura Conley -- The National Security Environment -- Approaches to U.S. National Security Policy -- A Balanced Approach -- Strategy -- Fighting Two Wars -- Allies and Enemies -- Transformation or Triage? -- At the End of the Beginning: Judging President Obama -- Barack Obama's First Two Years: Policy Accomplishments, Political Failure / William A. Galston -- Introduction: Dueling Explanations for Political Failure -- The Seeds of Future Difficulties -- From Latent Difficulties to Actual Problems: The Economic Challenge -- The Politics of Agenda Management -- The Road Ahead.</subfield>
    </datafield>
    <datafield ind1="2" ind2="7" tag="650">
      <subfield code="a">Politics and government.</subfield>
      <subfield code="2">fast</subfield>
      <subfield code="0">http://id.worldcat.org/fast/1919741</subfield>
    </datafield>
    <datafield ind1=" " ind2="0" tag="651">
      <subfield code="a">United States</subfield>
      <subfield code="x">Politics and government</subfield>
      <subfield code="y">2009-2017.</subfield>
      <subfield code="0">http://id.loc.gov/authorities/subjects/sh2009003409</subfield>
    </datafield>
    <datafield ind1="1" ind2="7" tag="651">
      <subfield code="a">United States.</subfield>
      <subfield code="2">fast</subfield>
      <subfield code="0">http://id.worldcat.org/fast/1204155</subfield>
    </datafield>
    <datafield ind1="1" ind2="0" tag="600">
      <subfield code="a">Obama, Barack.</subfield>
      <subfield code="0">http://id.loc.gov/authorities/names/n94112934</subfield>
    </datafield>
    <datafield ind1="1" ind2="7" tag="600">
      <subfield code="a">Obama, Barack.</subfield>
      <subfield code="2">fast</subfield>
      <subfield code="0">http://id.worldcat.org/fast/348231</subfield>
    </datafield>
    <datafield ind1=" " ind2="7" tag="600">
      <subfield code="a">Obama, Barack.</subfield>
      <subfield code="2">fast</subfield>
      <subfield code="0">http://id.worldcat.org/fast/348231</subfield>
    </datafield>
    <datafield ind1=" " ind2="7" tag="648">
      <subfield code="a">2009-2017.</subfield>
      <subfield code="2">fast</subfield>
    </datafield>
    <datafield ind1="1" ind2=" " tag="700">
      <subfield code="a">Dowdle, Andrew.</subfield>
      <subfield code="0">http://id.loc.gov/authorities/names/n2011014619</subfield>
    </datafield>
    <datafield ind1="1" ind2=" " tag="700">
      <subfield code="a">Van Raemdonck, Dirk C.</subfield>
      <subfield code="0">http://id.loc.gov/authorities/names/n2011014624</subfield>
    </datafield>
    <datafield ind1="1" ind2=" " tag="700">
      <subfield code="a">Maranto, Robert,</subfield>
      <subfield code="d">1958-</subfield>
      <subfield code="0">http://id.loc.gov/authorities/names/n91008988</subfield>
    </datafield>
    <datafield ind1=" " ind2=" " tag="902">
      <subfield code="a">MARCIVE-BF 20190703</subfield>
    </datafield>
    <datafield ind1=" " ind2=" " tag="903">
      <subfield code="a">MARCIVE-TOC201904</subfield>
    </datafield>
    <datafield ind1=" " ind2=" " tag="904">
      <subfield code="a">MARCIVE 20200629</subfield>
    </datafield>
    <datafield ind1=" " ind2=" " tag="907">
      <subfield code="a">.b49966273</subfield>
      <subfield code="b">p    </subfield>
      <subfield code="c">-</subfield>
    </datafield>
    <datafield ind1=" " ind2=" " tag="945">
      <subfield code="l">pstk </subfield>
      <subfield code="g">1</subfield>
    </datafield>
    <datafield ind1=" " ind2=" " tag="979">
      <subfield code="a">ocn654317260</subfield>
    </datafield>
    <datafield ind1=" " ind2=" " tag="998">
      <subfield code="b">1</subfield>
      <subfield code="c">111020</subfield>
      <subfield code="d">m</subfield>
      <subfield code="e">a</subfield>
      <subfield code="f">-</subfield>
      <subfield code="g">4</subfield>
    </datafield>
    <datafield ind1=" " ind2=" " tag="ADM">
      <subfield code="b">2020-09-08 22:50:22</subfield>
      <subfield code="e">b49966273-01tuli_inst</subfield>
      <subfield code="d">MARCIVE</subfield>
      <subfield code="f">20190607195138.0</subfield>
      <subfield code="a">2017-06-20 06:08:08</subfield>
      <subfield code="c">false</subfield>
    </datafield>
    <datafield ind1="0" ind2=" " tag="HLD">
      <subfield code="b">ASRS</subfield>
      <subfield code="c">ASRS</subfield>
      <subfield code="h"> E907 </subfield>
      <subfield code="i"> .O227 2011 </subfield>
      <subfield code="8">22463493290003811</subfield>
      <subfield code="updated">2019-04-30 20:19:40</subfield>
      <subfield code="created">2019-04-30 20:19:34</subfield>
    </datafield>
    <datafield ind1=" " ind2=" " tag="ITM">
      <subfield code="r">22463493290003811</subfield>
      <subfield code="b">1</subfield>
      <subfield code="h">0</subfield>
      <subfield code="g">ASRS</subfield>
      <subfield code="t">BOOK</subfield>
      <subfield code="9">39074026338426</subfield>
      <subfield code="e">ASRS</subfield>
      <subfield code="8">23242159100003811</subfield>
      <subfield code="a">0</subfield>
      <subfield code="i">E907 .O227 2011</subfield>
      <subfield code="updated">2020-02-17 20:05:13</subfield>
      <subfield code="q">2017-06-20 06:08:08</subfield>
      <subfield code="d">ASRS</subfield>
      <subfield code="f">ASRS</subfield>
    </datafield>
  </record>