
  <record xmlns="http://www.loc.gov/MARC21/slim">
    <leader>02844cam a2200517 a 4500</leader>
    <controlfield tag="005">20190923163922.0</controlfield>
    <controlfield tag="008">110422s2012    enka     b    001 0 eng c</controlfield>
    <controlfield tag="001">991028225249703811</controlfield>
    <datafield ind1=" " ind2=" " tag="020">
      <subfield code="a">9780415686785</subfield>
    </datafield>
    <datafield ind1=" " ind2=" " tag="020">
      <subfield code="a">0415686784</subfield>
    </datafield>
    <datafield ind1=" " ind2=" " tag="035">
      <subfield code="a">(PPT)b51791997-01tuli_inst</subfield>
    </datafield>
    <datafield ind1=" " ind2=" " tag="035">
      <subfield code="a">(OCoLC)ocn799003913</subfield>
      <subfield code="9">ExL</subfield>
    </datafield>
    <datafield ind1=" " ind2=" " tag="035">
      <subfield code="a">(OCoLC)714731151</subfield>
    </datafield>
    <datafield ind1=" " ind2=" " tag="035">
      <subfield code="a">ocn714731151</subfield>
    </datafield>
    <datafield ind1=" " ind2=" " tag="035">
      <subfield code="a">(OCLC)ocn714731151</subfield>
    </datafield>
    <datafield ind1=" " ind2=" " tag="040">
      <subfield code="a">BTCTA</subfield>
      <subfield code="b">eng</subfield>
      <subfield code="c">BTCTA</subfield>
      <subfield code="d">YDXCP</subfield>
      <subfield code="d">BWX</subfield>
      <subfield code="d">UIU</subfield>
      <subfield code="d">YOU</subfield>
      <subfield code="d">CDX</subfield>
      <subfield code="d">NYP</subfield>
      <subfield code="d">IQU</subfield>
    </datafield>
    <datafield ind1=" " ind2=" " tag="042">
      <subfield code="a">pcc</subfield>
    </datafield>
    <datafield ind1=" " ind2=" " tag="043">
      <subfield code="a">n-us---</subfield>
    </datafield>
    <datafield ind1="1" ind2="4" tag="050">
      <subfield code="a">E908</subfield>
      <subfield code="b">.O23 2012</subfield>
    </datafield>
    <datafield ind1=" " ind2=" " tag="079">
      <subfield code="a">ocn714731151</subfield>
    </datafield>
    <datafield ind1=" " ind2=" " tag="090">
      <subfield code="a">E908.3</subfield>
      <subfield code="b">.O23 2012</subfield>
    </datafield>
    <datafield ind1="0" ind2="0" tag="245">
      <subfield code="a">Obama and race :</subfield>
      <subfield code="b">history, culture, politics /</subfield>
      <subfield code="c">edited by Richard H. King.</subfield>
    </datafield>
    <datafield ind1=" " ind2="1" tag="264">
      <subfield code="a">London ;</subfield>
      <subfield code="a">New York :</subfield>
      <subfield code="b">Routledge,</subfield>
      <subfield code="c">2012.</subfield>
    </datafield>
    <datafield ind1=" " ind2=" " tag="300">
      <subfield code="a">199 pages :</subfield>
      <subfield code="b">illustrations ;</subfield>
      <subfield code="c">26 cm</subfield>
    </datafield>
    <datafield ind1=" " ind2=" " tag="336">
      <subfield code="a">text</subfield>
      <subfield code="b">txt</subfield>
      <subfield code="2">rdacontent</subfield>
    </datafield>
    <datafield ind1=" " ind2=" " tag="337">
      <subfield code="a">unmediated</subfield>
      <subfield code="b">n</subfield>
      <subfield code="2">rdamedia</subfield>
    </datafield>
    <datafield ind1=" " ind2=" " tag="338">
      <subfield code="a">volume</subfield>
      <subfield code="b">nc</subfield>
      <subfield code="2">rdacarrier</subfield>
    </datafield>
    <datafield ind1="0" ind2=" " tag="505">
      <subfield code="a">Introduction / Richard H. King -- The riddle of race / Emily Bernard -- 'A curious relationship' : Barack Obama, the 1960s and the election of 2008 / Brian Ward -- Barack Hussein Obama : the use of history in the creation of an 'American' president / George Lewis -- Becoming black, becoming president / Richard H. King -- Two great days in Harlem / Carmel King -- How to read Michelle Obama / Maria Lauret -- Barack Obama and the American island of the colour blind / Peter Kuryla -- Barack Obama as the post-racial candidate for a post-racial America : perspectives from Asian America and Hawaii / Jonathan Y. Okamura -- Barack Obama and the South : demography as electoral opportunity / Donald W. Beachler -- Teaching Obama : history, critical race theory and social work education / Damon Freeman.</subfield>
    </datafield>
    <datafield ind1=" " ind2=" " tag="504">
      <subfield code="a">Includes bibliographic references and index.</subfield>
    </datafield>
    <datafield ind1="1" ind2="7" tag="650">
      <subfield code="a">Elections.</subfield>
      <subfield code="2">fast</subfield>
      <subfield code="0">http://id.worldcat.org/fast/904324</subfield>
    </datafield>
    <datafield ind1="1" ind2="7" tag="650">
      <subfield code="a">Presidents.</subfield>
      <subfield code="2">fast</subfield>
      <subfield code="0">http://id.worldcat.org/fast/1075723</subfield>
    </datafield>
    <datafield ind1="2" ind2="7" tag="650">
      <subfield code="a">Race relations.</subfield>
      <subfield code="2">fast</subfield>
      <subfield code="0">http://id.worldcat.org/fast/1086509</subfield>
    </datafield>
    <datafield ind1=" " ind2="0" tag="650">
      <subfield code="a">Presidents</subfield>
      <subfield code="z">United States</subfield>
      <subfield code="x">Election</subfield>
      <subfield code="y">2008.</subfield>
      <subfield code="0">http://id.loc.gov/authorities/subjects/sh2010105921</subfield>
    </datafield>
    <datafield ind1=" " ind2="0" tag="650">
      <subfield code="a">Elections</subfield>
      <subfield code="z">United States</subfield>
      <subfield code="0">http://id.loc.gov/authorities/subjects/sh85041561</subfield>
      <subfield code="x">Sociological aspects.</subfield>
      <subfield code="0">http://id.loc.gov/authorities/subjects/sh2001008870</subfield>
    </datafield>
    <datafield ind1=" " ind2="0" tag="651">
      <subfield code="a">United States</subfield>
      <subfield code="x">Race relations.</subfield>
      <subfield code="0">http://id.loc.gov/authorities/subjects/sh85140494</subfield>
    </datafield>
    <datafield ind1="2" ind2="7" tag="651">
      <subfield code="a">United States.</subfield>
      <subfield code="2">fast</subfield>
      <subfield code="0">http://id.worldcat.org/fast/1204155</subfield>
    </datafield>
    <datafield ind1="1" ind2="7" tag="651">
      <subfield code="a">United States.</subfield>
      <subfield code="2">fast</subfield>
      <subfield code="0">http://id.worldcat.org/fast/1204155</subfield>
    </datafield>
    <datafield ind1="1" ind2="0" tag="600">
      <subfield code="a">Obama, Barack.</subfield>
      <subfield code="0">http://id.loc.gov/authorities/names/n94112934</subfield>
    </datafield>
    <datafield ind1="1" ind2="7" tag="600">
      <subfield code="a">Obama, Barack.</subfield>
      <subfield code="2">fast</subfield>
      <subfield code="0">http://id.worldcat.org/fast/348231</subfield>
    </datafield>
    <datafield ind1="1" ind2="7" tag="600">
      <subfield code="a">Obama, Michelle,</subfield>
      <subfield code="d">1964-</subfield>
      <subfield code="2">fast</subfield>
      <subfield code="0">http://id.worldcat.org/fast/1915904</subfield>
    </datafield>
    <datafield ind1=" " ind2="7" tag="600">
      <subfield code="a">Obama, Michelle,</subfield>
      <subfield code="d">1964-</subfield>
      <subfield code="2">fast</subfield>
      <subfield code="0">http://id.worldcat.org/fast/1915904</subfield>
    </datafield>
    <datafield ind1=" " ind2="7" tag="600">
      <subfield code="a">Obama, Barack.</subfield>
      <subfield code="2">fast</subfield>
      <subfield code="0">http://id.worldcat.org/fast/348231</subfield>
    </datafield>
    <datafield ind1="1" ind2="0" tag="600">
      <subfield code="a">Obama, Michelle,</subfield>
      <subfield code="d">1964-</subfield>
      <subfield code="0">http://id.loc.gov/authorities/names/n2008054754</subfield>
    </datafield>
    <datafield ind1=" " ind2="7" tag="648">
      <subfield code="a">2008.</subfield>
      <subfield code="2">fast</subfield>
    </datafield>
    <datafield ind1="1" ind2=" " tag="700">
      <subfield code="a">King, Richard H.</subfield>
      <subfield code="0">http://id.loc.gov/authorities/names/n79085733</subfield>
    </datafield>
    <datafield ind1=" " ind2=" " tag="902">
      <subfield code="a">150511</subfield>
    </datafield>
    <datafield ind1=" " ind2=" " tag="902">
      <subfield code="a">MARCIVE-BF 20190703</subfield>
    </datafield>
    <datafield ind1=" " ind2=" " tag="904">
      <subfield code="a">MARCIVE-SC</subfield>
    </datafield>
    <datafield ind1=" " ind2=" " tag="904">
      <subfield code="a">MARCIVE 20200629</subfield>
    </datafield>
    <datafield ind1=" " ind2=" " tag="907">
      <subfield code="a">.b51791997</subfield>
      <subfield code="b">multi</subfield>
      <subfield code="c">-</subfield>
    </datafield>
    <datafield ind1=" " ind2=" " tag="945">
      <subfield code="l">b    </subfield>
      <subfield code="g">1</subfield>
    </datafield>
    <datafield ind1=" " ind2=" " tag="945">
      <subfield code="l">pstk </subfield>
      <subfield code="g">1</subfield>
    </datafield>
    <datafield ind1=" " ind2=" " tag="979">
      <subfield code="a">ocn714731151</subfield>
    </datafield>
    <datafield ind1=" " ind2=" " tag="998">
      <subfield code="b">4</subfield>
      <subfield code="c">120619</subfield>
      <subfield code="d">m</subfield>
      <subfield code="e">a</subfield>
      <subfield code="f">-</subfield>
      <subfield code="g">0</subfield>
    </datafield>
    <datafield ind1=" " ind2=" " tag="998">
      <subfield code="a">06/19/12</subfield>
      <subfield code="s">OCLC</subfield>
      <subfield code="c">AT</subfield>
    </datafield>
    <datafield ind1=" " ind2=" " tag="ADM">
      <subfield code="b">2020-09-08 22:16:07</subfield>
      <subfield code="e">b51791997-01tuli_inst</subfield>
      <subfield code="d">MARCIVE</subfield>
      <subfield code="f">20190607224446.0</subfield>
      <subfield code="a">2017-06-20 13:15:11</subfield>
      <subfield code="c">false</subfield>
    </datafield>
    <datafield ind1="0" ind2=" " tag="HLD">
      <subfield code="b">ASRS</subfield>
      <subfield code="c">ASRS</subfield>
      <subfield code="h"> E908.3 </subfield>
      <subfield code="i"> .O23 2012 </subfield>
      <subfield code="8">22463844960003811</subfield>
      <subfield code="updated">2019-04-30 20:37:47</subfield>
      <subfield code="created">2019-04-30 20:37:42</subfield>
    </datafield>
    <datafield ind1="0" ind2=" " tag="HLD">
      <subfield code="b">BLOCKSON</subfield>
      <subfield code="c">rarestacks</subfield>
      <subfield code="h">E908.3</subfield>
      <subfield code="i">.O23 2012</subfield>
      <subfield code="8">22323692320003811</subfield>
      <subfield code="created">2017-06-20 13:15:11</subfield>
    </datafield>
    <datafield ind1=" " ind2=" " tag="ITM">
      <subfield code="r">22463844960003811</subfield>
      <subfield code="b">1</subfield>
      <subfield code="h">0</subfield>
      <subfield code="g">ASRS</subfield>
      <subfield code="t">BOOK</subfield>
      <subfield code="9">39074026482075</subfield>
      <subfield code="e">ASRS</subfield>
      <subfield code="8">23323692330003811</subfield>
      <subfield code="a">0</subfield>
      <subfield code="i">E908.3 .O23 2012</subfield>
      <subfield code="updated">2019-04-30 20:38:08</subfield>
      <subfield code="q">2017-06-20 13:15:11</subfield>
      <subfield code="d">ASRS</subfield>
      <subfield code="f">ASRS</subfield>
    </datafield>
    <datafield ind1=" " ind2=" " tag="ITM">
      <subfield code="r">22323692320003811</subfield>
      <subfield code="b">1</subfield>
      <subfield code="h">0</subfield>
      <subfield code="g">rarestacks</subfield>
      <subfield code="t">BOOK</subfield>
      <subfield code="e">rarestacks</subfield>
      <subfield code="8">23323692310003811</subfield>
      <subfield code="a">3</subfield>
      <subfield code="i">E908.3 .O23 2012</subfield>
      <subfield code="updated">2020-03-25 19:25:45</subfield>
      <subfield code="q">2017-06-20 13:15:11</subfield>
      <subfield code="d">BLOCKSON</subfield>
      <subfield code="f">BLOCKSON</subfield>
    </datafield>
  </record>