
  <record xmlns="http://www.loc.gov/MARC21/slim">
    <leader>05435cam a2200613Ii 4500</leader>
    <controlfield tag="005">20190930174621.0</controlfield>
    <controlfield tag="008">180303t20182018nyuaf         000 0aeng d</controlfield>
    <controlfield tag="001">991036955068203811</controlfield>
    <datafield ind1=" " ind2=" " tag="019">
      <subfield code="a">1026238834</subfield>
    </datafield>
    <datafield ind1=" " ind2=" " tag="020">
      <subfield code="a">9781524763138</subfield>
      <subfield code="q">(hardcover)</subfield>
    </datafield>
    <datafield ind1=" " ind2=" " tag="020">
      <subfield code="a">1524763136</subfield>
      <subfield code="q">(hardcover)</subfield>
    </datafield>
    <datafield ind1=" " ind2=" " tag="020">
      <subfield code="z">9781524763152</subfield>
    </datafield>
    <datafield ind1=" " ind2=" " tag="035">
      <subfield code="a">(OCoLC)1030413521</subfield>
    </datafield>
    <datafield ind1=" " ind2=" " tag="037">
      <subfield code="b">Random House Inc, Attn Order Entry 400 Hahn rd, Westminster, MD, USA, 21157</subfield>
      <subfield code="n">SAN 201-3975</subfield>
    </datafield>
    <datafield ind1=" " ind2=" " tag="040">
      <subfield code="a">NHP</subfield>
      <subfield code="b">eng</subfield>
      <subfield code="e">rda</subfield>
      <subfield code="c">NHP</subfield>
      <subfield code="d">YDX</subfield>
      <subfield code="d">MJ8</subfield>
      <subfield code="d">OCLCO</subfield>
      <subfield code="d">OCLCF</subfield>
      <subfield code="d">GK8</subfield>
      <subfield code="d">H4N</subfield>
      <subfield code="d">WSD</subfield>
      <subfield code="d">JQR</subfield>
      <subfield code="d">OCLCO</subfield>
      <subfield code="d">DAD</subfield>
      <subfield code="d">OQX</subfield>
      <subfield code="d">QQ3</subfield>
      <subfield code="d">BUR</subfield>
      <subfield code="d">JRZ</subfield>
      <subfield code="d">KSG</subfield>
      <subfield code="d">UAP</subfield>
      <subfield code="d">JQM</subfield>
      <subfield code="d">IGA</subfield>
      <subfield code="d">WLU</subfield>
      <subfield code="d">CTB</subfield>
      <subfield code="d">VP@</subfield>
      <subfield code="d">RCJ</subfield>
    </datafield>
    <datafield ind1=" " ind2=" " tag="043">
      <subfield code="a">n-us---</subfield>
      <subfield code="a">n-us-il</subfield>
    </datafield>
    <datafield ind1="1" ind2="4" tag="050">
      <subfield code="a">E909.O24</subfield>
      <subfield code="b">A3 2018</subfield>
    </datafield>
    <datafield ind1="0" ind2="4" tag="082">
      <subfield code="a">973.932092</subfield>
      <subfield code="a">B</subfield>
      <subfield code="2">23</subfield>
    </datafield>
    <datafield ind1="1" ind2=" " tag="100">
      <subfield code="a">Obama, Michelle,</subfield>
      <subfield code="d">1964-</subfield>
      <subfield code="0">http://id.loc.gov/authorities/names/n2008054754</subfield>
      <subfield code="e">author.</subfield>
    </datafield>
    <datafield ind1="1" ind2="0" tag="245">
      <subfield code="a">Becoming /</subfield>
      <subfield code="c">Michelle Obama.</subfield>
    </datafield>
    <datafield ind1=" " ind2=" " tag="250">
      <subfield code="a">First edition.</subfield>
    </datafield>
    <datafield ind1=" " ind2="1" tag="264">
      <subfield code="a">New York :</subfield>
      <subfield code="b">Crown,</subfield>
      <subfield code="c">[2018]</subfield>
    </datafield>
    <datafield ind1=" " ind2="4" tag="264">
      <subfield code="c">&#xA9;2018</subfield>
    </datafield>
    <datafield ind1=" " ind2=" " tag="300">
      <subfield code="a">xiii, 426 pages, 16 unnumbered pages of plates :</subfield>
      <subfield code="b">illustrations (chiefly color) ;</subfield>
      <subfield code="c">25 cm</subfield>
    </datafield>
    <datafield ind1=" " ind2=" " tag="336">
      <subfield code="a">text</subfield>
      <subfield code="b">txt</subfield>
      <subfield code="2">rdacontent</subfield>
    </datafield>
    <datafield ind1=" " ind2=" " tag="337">
      <subfield code="a">unmediated</subfield>
      <subfield code="b">n</subfield>
      <subfield code="2">rdamedia</subfield>
    </datafield>
    <datafield ind1=" " ind2=" " tag="338">
      <subfield code="a">volume</subfield>
      <subfield code="b">nc</subfield>
      <subfield code="2">rdacarrier</subfield>
    </datafield>
    <datafield ind1=" " ind2=" " tag="520">
      <subfield code="a">In a life filled with meaning and accomplishment, Michelle Obama has emerged as one of the most iconic and compelling women of our era. As First Lady of the United States of America, she helped create the most welcoming and inclusive White House in history. With unerring honesty and lively wit, she describes her triumphs and her disappointments, both public and private. A deeply personal reckoning of a woman of soul and substance who has steadily defied expectations.</subfield>
    </datafield>
    <datafield ind1=" " ind2=" " tag="520">
      <subfield code="a">"An intimate, powerful, and inspiring memoir by the former First Lady of the United States. When she was a little girl, Michelle Robinson's world was the South Side of Chicago, where she and her brother, Craig, shared a bedroom in their family's upstairs apartment and played catch in the park, and where her parents, Fraser and Marian Robinson, raised her to be outspoken and unafraid. But life soon look her much further afield, from the halls of Princeton, where she learned for the first time what if felt like to be the only black woman in a room, to the glassy office tower where she worked as a high-powered corporate lawyer--and where, one summer morning, a law student named Barack Obama appeared in her office and upended all her carefully made plans. Here, for the first time, Michelle Obama describes the early years of her marriage as she struggles to balance her work and family with her husband's fast-moving political career. She takes us inside their private debate over whether he should make a run for the presidency and her subsequent role as a popular but oft-criticized figure during his campaign. Narrating with grace, good humor, and uncommon candor, she provides a vivid, behind-the-scenes account of her family's history-making launch into the global limelight as well as their life inside the White House over eight momentous years--as she comes to know her country and her country comes to know her. [This book] takes us through modest Iowa kitchens and ballrooms at Buckingham Palace, through moments of heart-stopping grief and profound resilience, bringing us deep into the soul of a singular, groundbreaking figure in history as she strives to live authentically, marshaling her personal strength and voice in service of a set of higher ideals. In telling her story with honesty and boldness, she issues a challenge to the rest of us: Who are we and who do we want to become?"--Dust jacket.</subfield>
    </datafield>
    <datafield ind1="0" ind2=" " tag="505">
      <subfield code="a">Becoming me -- Becoming us -- Becoming more.</subfield>
    </datafield>
    <datafield ind1=" " ind2="0" tag="650">
      <subfield code="a">Presidents' spouses</subfield>
      <subfield code="z">United States</subfield>
      <subfield code="v">Biography.</subfield>
      <subfield code="0">http://id.loc.gov/authorities/subjects/sh2008109323</subfield>
    </datafield>
    <datafield ind1=" " ind2="0" tag="650">
      <subfield code="a">African American women lawyers</subfield>
      <subfield code="0">http://id.loc.gov/authorities/subjects/sh97007958</subfield>
      <subfield code="z">Illinois</subfield>
      <subfield code="z">Chicago</subfield>
      <subfield code="0">http://id.loc.gov/authorities/names/n78086438</subfield>
      <subfield code="v">Biography.</subfield>
      <subfield code="0">http://id.loc.gov/authorities/subjects/sh99001237</subfield>
    </datafield>
    <datafield ind1=" " ind2="7" tag="650">
      <subfield code="a">African American women lawyers.</subfield>
      <subfield code="2">fast</subfield>
      <subfield code="0">http://id.worldcat.org/fast/799505</subfield>
    </datafield>
    <datafield ind1=" " ind2="0" tag="650">
      <subfield code="a">Legislators' spouses</subfield>
      <subfield code="z">United States</subfield>
      <subfield code="v">Biography.</subfield>
      <subfield code="0">http://id.loc.gov/authorities/subjects/sh2009129518</subfield>
    </datafield>
    <datafield ind1=" " ind2="7" tag="650">
      <subfield code="a">Legislators' spouses.</subfield>
      <subfield code="2">fast</subfield>
      <subfield code="0">http://id.worldcat.org/fast/995904</subfield>
    </datafield>
    <datafield ind1=" " ind2="7" tag="650">
      <subfield code="a">Presidents' spouses.</subfield>
      <subfield code="2">fast</subfield>
      <subfield code="0">http://id.worldcat.org/fast/1075830</subfield>
    </datafield>
    <datafield ind1="1" ind2="7" tag="650">
      <subfield code="a">Legislators' spouses.</subfield>
      <subfield code="2">fast</subfield>
      <subfield code="0">http://id.worldcat.org/fast/995904</subfield>
    </datafield>
    <datafield ind1="1" ind2="7" tag="650">
      <subfield code="a">African American women lawyers.</subfield>
      <subfield code="2">fast</subfield>
      <subfield code="0">http://id.worldcat.org/fast/799505</subfield>
    </datafield>
    <datafield ind1="1" ind2="7" tag="650">
      <subfield code="a">Presidents' spouses.</subfield>
      <subfield code="2">fast</subfield>
      <subfield code="0">http://id.worldcat.org/fast/1075830</subfield>
    </datafield>
    <datafield ind1=" " ind2="7" tag="651">
      <subfield code="a">Illinois</subfield>
      <subfield code="z">Chicago.</subfield>
      <subfield code="2">fast</subfield>
      <subfield code="0">http://id.worldcat.org/fast/1204048</subfield>
    </datafield>
    <datafield ind1=" " ind2="7" tag="651">
      <subfield code="a">United States.</subfield>
      <subfield code="2">fast</subfield>
      <subfield code="0">http://id.worldcat.org/fast/1204155</subfield>
    </datafield>
    <datafield ind1="2" ind2="7" tag="651">
      <subfield code="a">United States.</subfield>
      <subfield code="2">fast</subfield>
      <subfield code="0">http://id.worldcat.org/fast/1204155</subfield>
    </datafield>
    <datafield ind1="2" ind2="7" tag="651">
      <subfield code="a">Illinois</subfield>
      <subfield code="z">Chicago.</subfield>
      <subfield code="2">fast</subfield>
      <subfield code="0">http://id.worldcat.org/fast/1204048</subfield>
    </datafield>
    <datafield ind1=" " ind2="7" tag="655">
      <subfield code="a">Autobiographies.</subfield>
      <subfield code="2">fast</subfield>
      <subfield code="0">http://id.worldcat.org/fast/1919894</subfield>
    </datafield>
    <datafield ind1=" " ind2="7" tag="655">
      <subfield code="a">Biographies.</subfield>
      <subfield code="2">fast</subfield>
      <subfield code="0">http://id.worldcat.org/fast/1919896</subfield>
    </datafield>
    <datafield ind1=" " ind2="7" tag="655">
      <subfield code="a">Autobiographies.</subfield>
      <subfield code="2">lcgft</subfield>
      <subfield code="0">http://id.loc.gov/authorities/genreForms/gf2014026047</subfield>
    </datafield>
    <datafield ind1="2" ind2="7" tag="655">
      <subfield code="a">Biographies.</subfield>
      <subfield code="2">fast</subfield>
      <subfield code="0">http://id.worldcat.org/fast/1919896</subfield>
    </datafield>
    <datafield ind1="1" ind2="0" tag="600">
      <subfield code="a">Obama, Michelle,</subfield>
      <subfield code="d">1964-</subfield>
      <subfield code="0">http://id.loc.gov/authorities/names/n2008054754</subfield>
    </datafield>
    <datafield ind1="1" ind2="7" tag="600">
      <subfield code="a">Obama, Michelle,</subfield>
      <subfield code="d">1964-</subfield>
      <subfield code="2">fast</subfield>
      <subfield code="0">http://id.worldcat.org/fast/1915904</subfield>
    </datafield>
    <datafield ind1=" " ind2="7" tag="600">
      <subfield code="a">Obama, Michelle,</subfield>
      <subfield code="d">1964-</subfield>
      <subfield code="2">fast</subfield>
      <subfield code="0">http://id.worldcat.org/fast/1915904</subfield>
    </datafield>
    <datafield ind1=" " ind2=" " tag="902">
      <subfield code="a">MARCIVE-BF 20190703</subfield>
    </datafield>
    <datafield ind1=" " ind2=" " tag="904">
      <subfield code="a">MARCIVE 20200629</subfield>
    </datafield>
    <datafield ind1=" " ind2="1" tag="949">
      <subfield code="a">B OBAMA</subfield>
      <subfield code="i">39074032018269</subfield>
      <subfield code="l">PLEIP</subfield>
      <subfield code="t">40</subfield>
    </datafield>
    <datafield ind1=" " ind2="1" tag="949">
      <subfield code="a">B OBAMA</subfield>
      <subfield code="i">39074032018277</subfield>
      <subfield code="l">PLEIP</subfield>
      <subfield code="t">40</subfield>
    </datafield>
    <datafield ind1=" " ind2="1" tag="949">
      <subfield code="a">B OBAMA</subfield>
      <subfield code="i">39074032018558</subfield>
      <subfield code="l">PLEIP</subfield>
      <subfield code="t">40</subfield>
    </datafield>
    <datafield ind1=" " ind2="1" tag="949">
      <subfield code="a">B OBAMA</subfield>
      <subfield code="i">39074032018574</subfield>
      <subfield code="l">PLEIP</subfield>
      <subfield code="t">40</subfield>
    </datafield>
    <datafield ind1=" " ind2="1" tag="949">
      <subfield code="a">B OBAMA</subfield>
      <subfield code="i">39074032018582</subfield>
      <subfield code="l">PLEIP</subfield>
      <subfield code="t">40</subfield>
    </datafield>
    <datafield ind1=" " ind2=" " tag="979">
      <subfield code="a">(OCoLC)1030413521</subfield>
    </datafield>
    <datafield ind1=" " ind2=" " tag="997">
      <subfield code="a">20181210130204.0</subfield>
      <subfield code="c">YL</subfield>
      <subfield code="d">TEU</subfield>
      <subfield code="s">OCLC</subfield>
      <subfield code="e">WCAT</subfield>
    </datafield>
    <datafield ind1=" " ind2=" " tag="997">
      <subfield code="a">20190207111506.0</subfield>
      <subfield code="c">CDC</subfield>
      <subfield code="d">TMY</subfield>
      <subfield code="s">OCLC</subfield>
      <subfield code="e">WCAT</subfield>
    </datafield>
    <datafield ind1=" " ind2=" " tag="ADM">
      <subfield code="b">2020-09-09 00:40:00</subfield>
      <subfield code="e">BRDBD18221117</subfield>
      <subfield code="d">MARCIVE</subfield>
      <subfield code="f">20190607194917.0</subfield>
      <subfield code="a">2018-11-19 17:48:56</subfield>
      <subfield code="c">false</subfield>
    </datafield>
    <datafield ind1="8" ind2=" " tag="HLD">
      <subfield code="b">GINSBURG</subfield>
      <subfield code="c">leisure</subfield>
      <subfield code="h">B OBA</subfield>
      <subfield code="8">22446594260003811</subfield>
      <subfield code="updated">2019-03-06 14:26:50</subfield>
      <subfield code="created">2019-02-22 20:11:26</subfield>
    </datafield>
    <datafield ind1="8" ind2=" " tag="HLD">
      <subfield code="b">MAIN</subfield>
      <subfield code="c">leisure</subfield>
      <subfield code="h">B OBAMA</subfield>
      <subfield code="8">22438713590003811</subfield>
      <subfield code="updated">2019-02-22 20:11:00</subfield>
      <subfield code="created">2018-11-20 16:12:38</subfield>
    </datafield>
    <datafield ind1="0" ind2=" " tag="HLD">
      <subfield code="b">MAIN</subfield>
      <subfield code="c">stacks</subfield>
      <subfield code="h">E909.O24</subfield>
      <subfield code="i">A3 2018</subfield>
      <subfield code="t">0</subfield>
      <subfield code="8">22439625970003811</subfield>
      <subfield code="updated">2019-02-07 16:14:44</subfield>
      <subfield code="created">2018-12-06 20:28:14</subfield>
    </datafield>
    <datafield ind1="0" ind2=" " tag="HLD">
      <subfield code="b">AMBLER</subfield>
      <subfield code="t">1</subfield>
      <subfield code="c">stacks</subfield>
      <subfield code="h">E909.O24</subfield>
      <subfield code="i">A3 2018</subfield>
      <subfield code="8">22440811640003811</subfield>
      <subfield code="updated">2019-02-07 16:14:44</subfield>
      <subfield code="created">2019-01-11 20:05:01</subfield>
    </datafield>
    <datafield ind1=" " ind2=" " tag="ITM">
      <subfield code="r">22438713590003811</subfield>
      <subfield code="b">0</subfield>
      <subfield code="h">8</subfield>
      <subfield code="g">leisure</subfield>
      <subfield code="t">BOOK</subfield>
      <subfield code="9">39074032018277</subfield>
      <subfield code="e">leisure</subfield>
      <subfield code="8">23438713560003811</subfield>
      <subfield code="a">13</subfield>
      <subfield code="i">B OBAMA</subfield>
      <subfield code="updated">2020-10-25 21:25:34</subfield>
      <subfield code="u">LOAN</subfield>
      <subfield code="q">2018-11-20 16:15:10</subfield>
      <subfield code="d">MAIN</subfield>
      <subfield code="f">MAIN</subfield>
    </datafield>
    <datafield ind1=" " ind2=" " tag="ITM">
      <subfield code="r">22438713590003811</subfield>
      <subfield code="b">0</subfield>
      <subfield code="h">8</subfield>
      <subfield code="g">leisure</subfield>
      <subfield code="t">BOOK</subfield>
      <subfield code="9">39074032018574</subfield>
      <subfield code="e">leisure</subfield>
      <subfield code="8">23439929940003811</subfield>
      <subfield code="a">13</subfield>
      <subfield code="i">B OBAMA</subfield>
      <subfield code="updated">2020-09-02 19:06:52</subfield>
      <subfield code="u">LOAN</subfield>
      <subfield code="q">2018-12-10 18:03:06</subfield>
      <subfield code="d">MAIN</subfield>
      <subfield code="f">MAIN</subfield>
    </datafield>
    <datafield ind1=" " ind2=" " tag="ITM">
      <subfield code="r">22438713590003811</subfield>
      <subfield code="b">0</subfield>
      <subfield code="h">8</subfield>
      <subfield code="g">leisure</subfield>
      <subfield code="t">BOOK</subfield>
      <subfield code="9">39074032018582</subfield>
      <subfield code="e">leisure</subfield>
      <subfield code="8">23439929950003811</subfield>
      <subfield code="a">13</subfield>
      <subfield code="i">B OBAMA</subfield>
      <subfield code="updated">2019-11-08 16:22:36</subfield>
      <subfield code="u">LOAN</subfield>
      <subfield code="q">2018-12-10 18:02:53</subfield>
      <subfield code="d">MAIN</subfield>
      <subfield code="f">MAIN</subfield>
    </datafield>
    <datafield ind1=" " ind2=" " tag="ITM">
      <subfield code="r">22438713590003811</subfield>
      <subfield code="b">0</subfield>
      <subfield code="h">8</subfield>
      <subfield code="g">leisure</subfield>
      <subfield code="t">BOOK</subfield>
      <subfield code="9">39074032018269</subfield>
      <subfield code="e">leisure</subfield>
      <subfield code="8">23438713570003811</subfield>
      <subfield code="a">13</subfield>
      <subfield code="i">B OBAMA</subfield>
      <subfield code="updated">2020-02-26 17:10:30</subfield>
      <subfield code="u">LOAN</subfield>
      <subfield code="q">2018-11-20 16:14:57</subfield>
      <subfield code="d">MAIN</subfield>
      <subfield code="f">MAIN</subfield>
    </datafield>
    <datafield ind1=" " ind2=" " tag="ITM">
      <subfield code="r">22439625970003811</subfield>
      <subfield code="b">1</subfield>
      <subfield code="h">0</subfield>
      <subfield code="g">stacks</subfield>
      <subfield code="t">BOOK</subfield>
      <subfield code="9">39074031709934</subfield>
      <subfield code="e">stacks</subfield>
      <subfield code="8">23439625960003811</subfield>
      <subfield code="a">0</subfield>
      <subfield code="i">E909.O24 A3 2018</subfield>
      <subfield code="updated">2020-09-09 16:38:06</subfield>
      <subfield code="q">2018-12-06 20:28:14</subfield>
      <subfield code="d">MAIN</subfield>
      <subfield code="f">MAIN</subfield>
    </datafield>
    <datafield ind1=" " ind2=" " tag="ITM">
      <subfield code="r">22440811640003811</subfield>
      <subfield code="b">1</subfield>
      <subfield code="h">0</subfield>
      <subfield code="g">stacks</subfield>
      <subfield code="t">BOOK</subfield>
      <subfield code="9">39074024457780</subfield>
      <subfield code="e">stacks</subfield>
      <subfield code="l">0</subfield>
      <subfield code="8">23440811630003811</subfield>
      <subfield code="a">0</subfield>
      <subfield code="i">E909.O24 A3 2018</subfield>
      <subfield code="updated">2020-08-06 14:14:25</subfield>
      <subfield code="q">2019-01-11 20:05:01</subfield>
      <subfield code="d">AMBLER</subfield>
      <subfield code="f">AMBLER</subfield>
    </datafield>
    <datafield ind1=" " ind2=" " tag="ITM">
      <subfield code="r">22438713590003811</subfield>
      <subfield code="b">0</subfield>
      <subfield code="h">8</subfield>
      <subfield code="g">leisure</subfield>
      <subfield code="t">BOOK</subfield>
      <subfield code="9">39074032018558</subfield>
      <subfield code="e">leisure</subfield>
      <subfield code="l">0</subfield>
      <subfield code="8">23439679880003811</subfield>
      <subfield code="j">8</subfield>
      <subfield code="a">13</subfield>
      <subfield code="i">B OBAMA</subfield>
      <subfield code="updated">2020-10-03 20:30:26</subfield>
      <subfield code="u">LOAN</subfield>
      <subfield code="k">B OBAMA</subfield>
      <subfield code="q">2018-12-03 16:49:36</subfield>
      <subfield code="d">MAIN</subfield>
      <subfield code="f">MAIN</subfield>
    </datafield>
    <datafield ind1=" " ind2=" " tag="ITM">
      <subfield code="r">22446594260003811</subfield>
      <subfield code="b">1</subfield>
      <subfield code="h">8</subfield>
      <subfield code="g">leisure</subfield>
      <subfield code="t">BOOK</subfield>
      <subfield code="9">39074501383871</subfield>
      <subfield code="e">leisure</subfield>
      <subfield code="8">23446594240003811</subfield>
      <subfield code="a">13</subfield>
      <subfield code="i">B OBA</subfield>
      <subfield code="updated">2020-08-05 00:12:35</subfield>
      <subfield code="q">2019-02-22 20:12:28</subfield>
      <subfield code="d">GINSBURG</subfield>
      <subfield code="f">GINSBURG</subfield>
    </datafield>
  </record>
</collection>
